<?xml version='1.0' encoding='UTF-8'?>
<record xmlns="http://www.loc.gov/MARC21/slim">
  <leader>02012cam a2200349Ma 4500</leader>
  <controlfield tag="001">1533537</controlfield>
  <controlfield tag="003">NjP</controlfield>
  <controlfield tag="005">20170905111307.0</controlfield>
  <controlfield tag="008">920108s1961    iq a         f000 0 ara d</controlfield>
  <datafield tag="024" ind1="7" ind2=" ">
    <subfield code="a">princeton_aco001985</subfield>
    <subfield code="2">local</subfield>
  </datafield>
  <datafield ind1=" " ind2=" " tag="035">
    <subfield code="a">(OCoLC)ocn177147789</subfield>
  </datafield>
  <datafield ind1=" " ind2=" " tag="035">
    <subfield code="a">(OCoLC)ocm25296938</subfield>
  </datafield>
  <datafield ind1=" " ind2=" " tag="035">
    <subfield code="a">(OCoLC)177147789</subfield>
  </datafield>
  <datafield ind1=" " ind2=" " tag="035">
    <subfield code="9">CEU0249TS</subfield>
  </datafield>
  <datafield ind1=" " ind2=" " tag="035">
    <subfield code="a">(NjP)1533537</subfield>
  </datafield>
  <datafield ind1=" " ind2=" " tag="035">
    <subfield code="a">1533537</subfield>
  </datafield>
  <datafield ind1=" " ind2=" " tag="040">
    <subfield code="a">HVL</subfield>
    <subfield code="c">PUL</subfield>
    <subfield code="d">PUL</subfield>
  </datafield>
  <datafield ind1=" " ind2=" " tag="043">
    <subfield code="a">a-iq---</subfield>
  </datafield>
  <datafield ind1=" " ind2=" " tag="049">
    <subfield code="a">PULL</subfield>
  </datafield>
  <datafield ind1=" " ind2=" " tag="079">
    <subfield code="a">ocm25296938</subfield>
  </datafield>
  <datafield ind1="0" ind2="0" tag="245">
    <subfield code="6">880-01</subfield>
    <subfield code="a">Bayān tārīkhī hāmm ʼan mufāwaḍāt al-nafṭ :</subfield>
    <subfield code="b">ṣadara ʼan Wizārat al-Nafṭ bi-tārīkh 10/4/1961 wa-al-naṣṣ al-kāmil li-maḥḍar al-ijtimāʻayn al-munʻaqidayn fī maqarr siyādat al-zaʻīm al-amīn ʻAbd al-Karīm Qāsim Raʼīs al-Wizarāʼ wa-al-qāʼid al-ʼāmm lil-quwāt al-musallaḥah bi-tārīkh 2 wa-6 Nīsān 1961 bayna al-wafd al-ʻIrāqī wa-wafd sharikāt al-nafṭ.</subfield>
  </datafield>
  <datafield ind1=" " ind2=" " tag="260">
    <subfield code="6">880-02</subfield>
    <subfield code="a">[Baghdād ?] :</subfield>
    <subfield code="b">Wizārat al-Nafṭ,</subfield>
    <subfield code="c">1961.</subfield>
  </datafield>
  <datafield ind1=" " ind2=" " tag="300">
    <subfield code="a">25 p. :</subfield>
    <subfield code="b">ill. ;</subfield>
    <subfield code="c">24 cm.</subfield>
  </datafield>
  <datafield ind1=" " ind2=" " tag="500">
    <subfield code="a">Title from cover.</subfield>
  </datafield>
  <datafield ind1=" " ind2="0" tag="650">
    <subfield code="a">Petroleum industry and trade</subfield>
    <subfield code="z">Iraq.</subfield>
    <subfield code="0">http://id.loc.gov/authorities/subjects/sh2008109134</subfield>
  </datafield>
  <datafield ind1="1" ind2=" " tag="710">
    <subfield code="6">880-03</subfield>
    <subfield code="a">Iraq.</subfield>
    <subfield code="b">Wizārat al-Nafṭ.</subfield>
    <subfield code="0">http://id.loc.gov/authorities/names/n50065574</subfield>
  </datafield>
  <datafield ind1="0" ind2="0" tag="880">
    <subfield code="6">245-01/r</subfield>
    <subfield code="a">بيان تاريخي هام أن مفاوضات النفط :</subfield>
    <subfield code="b">صدر أن وزارة النفط بتاريخ 10/4/1961 والنص الكامل لمحضر الاجتماعين المنعقدين في مقر سيادة الزعيم الامين عبد الكريم قاسم رأيس الوزراء والقائد الآم للقوات المسلحة بتاريخ 2 و6 نيسان 1961 بين الوفد العراقي ووفد شركات النفط.</subfield>
  </datafield>
  <datafield ind1=" " ind2=" " tag="880">
    <subfield code="6">260-02/r</subfield>
    <subfield code="a">[بغداد ؟] :</subfield>
    <subfield code="b">وزارة النفط،</subfield>
    <subfield code="c">1961.</subfield>
  </datafield>
  <datafield ind1="1" ind2=" " tag="880">
    <subfield code="6">710-03/r</subfield>
    <subfield code="a">ارق.</subfield>
    <subfield code="b">وزارة النفط.</subfield>
  </datafield>
  <datafield ind1=" " ind2=" " tag="947">
    <subfield code="a">CEU0249</subfield>
  </datafield>
  <datafield ind1=" " ind2=" " tag="911">
    <subfield code="a">20000130</subfield>
  </datafield>
  <datafield ind1=" " ind2=" " tag="994">
    <subfield code="a">C0</subfield>
    <subfield code="b">PUL</subfield>
  </datafield>
  <datafield ind1=" " ind2=" " tag="999">
    <subfield code="a">1533537</subfield>
  </datafield>
  <datafield ind1="0" ind2="0" tag="852">
    <subfield code="0">1766187</subfield>
    <subfield code="b">nec</subfield>
    <subfield code="t">0</subfield>
    <subfield code="h">HD9576.I722</subfield>
    <subfield code="i">B393 1961</subfield>
  </datafield>
  <datafield ind1=" " ind2=" " tag="959">
    <subfield code="a">2000-06-13 00:00:00 -0400</subfield>
  </datafield>
</record>
